<?xml version="1.0" encoding="UTF-8"?>
<collection xmlns="http://www.loc.gov/MARC21/slim">
    <record>
        <leader>00000nz  a2200169   4500</leader>
        <controlfield tag="001">30080504</controlfield>
        <controlfield tag="003">RISM</controlfield>
        <controlfield tag="005">20160216</controlfield>
        <controlfield tag="008">160216n||az|||||||##########||||||||||||</controlfield>
        <datafield tag="040" ind1=" " ind2=" ">
            <subfield code="a">RC-TCmdac</subfield>
        </datafield>
        <datafield tag="043" ind1=" " ind2=" ">
            <subfield code="c">XB-TW</subfield>
        </datafield>
        <datafield tag="110" ind1="2" ind2=" ">
            <subfield code="a">Music Digital Archive Center (MDAC)</subfield>
            <subfield code="c">Taipei City</subfield>
            <subfield code="g">RC-TCmdac</subfield>
        </datafield>
        <datafield tag="410" ind1="2" ind2=" ">
            <subfield code="a">National Taiwan Normal University (NTNU)</subfield>
        </datafield>
        <datafield tag="622" ind1=" " ind2=" ">
            <subfield code="e">Music Digital Archive Center (MDAC), Daan District, No. 162, Sect. 1, Heping East Rd., Taipei City 10644, Republic of China</subfield>
            <subfield code="u">http://goo.gl/6x6Y7C</subfield>
        </datafield>
    </record>