
    <record>
        <leader>00000nz  a2200169   4500</leader>
        <controlfield tag="001">30080505</controlfield>
        <controlfield tag="003">RISM</controlfield>
        <controlfield tag="005">20160216</controlfield>
        <controlfield tag="008">160216n||az|||||||##########||||||||||||</controlfield>
        <datafield tag="040" ind1=" " ind2=" ">
            <subfield code="a">RC-TCtmi</subfield>
        </datafield>
        <datafield tag="043" ind1=" " ind2=" ">
            <subfield code="c">XB-TW</subfield>
        </datafield>
        <datafield tag="110" ind1="2" ind2=" ">
            <subfield code="a">Taiwan Music Institute</subfield>
            <subfield code="c">Taipei City</subfield>
            <subfield code="g">RC-TCtmi</subfield>
        </datafield>
        <datafield tag="410" ind1="2" ind2=" ">
            <subfield code="a">National Center for Traditional Arts</subfield>
        </datafield>
        <datafield tag="622" ind1=" " ind2=" ">
            <subfield code="e">Taiwan Music Institute, Zhongzheng District, No.26, Hangzhou N. Road, Taipei City 100, Republic of China</subfield>
            <subfield code="u">http://englishtmi.ncfta.gov.tw/home</subfield>
        </datafield>
    </record>
</collection>

